@article{Carroll:2014oja,
          author="Carroll, Christopher M. and Gawiser, Eric and Kurczynski,
                  Peter L. and Bailey, Rachel A. and Biswas, Rahul and others",
          title="{Improving the LSST dithering pattern and cadence for dark 
              energy studies}",
          journal="Proc.SPIE Int.Soc.Opt.Eng.",
          volume="9149",
          pages="91490C",
          doi="10.1117/12.2057267",
          year="2014",
          SLACcitation="%%CITATION = PSISD,9149,91490C;%%",
}
